@article{Acer20111,
title = "Connectivity in time-graphs ",
journal = "Pervasive and Mobile Computing ",
volume = "7",
number = "2",
pages = "160 - 171",
year = "2011",
note = "",
issn = "1574-1192",
doi = "http://dx.doi.org/10.1016/j.pmcj.2010.11.011",
url = "http://www.sciencedirect.com/science/article/pii/S1574119210001288",
author = "Utku Günay Acer and Petros Drineas and Alhussein A. Abouzeid",
keywords = "Time-graphs",
keywords = "Dynamic networks",
keywords = "Connectivity",
keywords = "Tensors "
}

@ARTICLE{Alekeish2012, 
	author={Alekeish, K. and Ezhilchelvan, P.}, 
	journal={Parallel and Distributed Systems, IEEE Transactions on}, 
	title={Consensus in Sparse, Mobile Ad Hoc Networks}, 
	year={2012}, 
	month={March}, 
	volume={23}, 
	number={3}, 
	pages={467-474}, 
	keywords={mobile ad hoc networks;multicast communication;protocols;QC protocol;RC protocol;consensus latency;end-to-end node connectivity;eventually quiescent protocol;eventually relinquishing protocol;mobile ad hoc networks;multicast message;network consensus;network density;one-to-many consensus dissemination;opportunistic forwarding;packet overhead;sparse network;wireless ad hoc network;Ad hoc networks;Computer crashes;Mobile communication;Multicast protocols;Nickel;Wireless communication;Manet;consensus;coverage assurance.;crash tolerance;network density;node connectivity;quiescent multicasting}, 
	doi={10.1109/TPDS.2011.182}, 
	ISSN={1045-9219},
	}

@inproceedings{Alspaugh2004,
author = {Alspaugh, Chris and Dav\'{e}, Nikhil and Hepner, Tom and Leidy, Andy and Stell, Mark and Tran, Cam and Woods, Heather and Youm, Wonita and Legaspi, Albert and Street, Hull and Diego, San},
booktitle = {2004 Command and Control Research and Technology Symposium (CCRTS)},
file = {:Users/Arm/Library/Application Support/Mendeley Desktop/Downloaded/Alspaugh et al. - 2000 - Modeling and Simulation in Support of Network Centric Warfare Analysis Code 2822 Network Centric Warfare Analys.pdf:pdf},
title = {{Modeling and Simulation in Support of Network Centric Warfare Analysis}},
year = {2004}
}


@inproceedings{Banerjee2007,
	author = {Banerjee, N and Corner, M D and Levine, B N},
	booktitle = {INFOCOM 2007. 26th IEEE International Conference on Computer Communications. IEEE},
	doi = {10.1109/INFCOM.2007.96},
	issn = {0743-166X},
	keywords = {computational complexity;mobile communication;opti},
	month = may,
	pages = {776--784},
	title = {{An Energy-Efficient Architecture for DTN Throwboxes}},
	year = {2007}
}

@article{Batabyal2012,
	author = {Batabyal, Suvadip and Bhaumik, Parama},
	isbn = {978-1-4577-0580-9},
	journal = {Wireless Telecommunications Symposium 2012},
	month = apr,
	number = {2},
	pages = {1--7},
	publisher = {Ieee},
	title = {{Improving network performance with affinity based mobility model in opportunistic network}},
	volume = {4},
	year = {2012}
}

@article{Bhorkar2012,
	author = {Networks, Ad Hoc and Bhorkar, Abhijeet A and Naghshvar, Mohammad and Member, Student and Javidi, Tara},
	doi = {10.1109/TNET.2011.2159844},
	file = {:Users/Arm/Dropbox/Mendeley Papers//Lindgren et al. - 2011 - Opportunistic Networks Architecture with Fixed Infrastructure Nodes(7).pdf:pdf},
	journal = {Networking, IEEE/ACM Transactions on},
	keywords = {Delay,Knowledge engineering,Markov processes,Opportunistic routing,Relays,Routing,Wireless communication,ad hoc networks,channel statistics,distributed adaptive opportunistic routing scheme,learning (artificial intelligence),multihop wireless ad hoc networks,network model,per-packet reward criterion,reinforcement learning framework,reward maximization,stochastic processes,stochastic routing scheme,telecommunication computing,telecommunication network routing,transmission success probability,wireless ad hoc networks,wireless channels},
	number = {1},
	pages = {243--256},
	title = {{Adaptive Opportunistic Routing for Wireless Ad Hoc Networks}},
	volume = {20},
	year = {2012}
}

@article{Behrouz2013,
  author    = {Behrouz Jedari and
               Feng Xia},
  title     = {A Survey on Routing and Data Dissemination in Opportunistic Mobile
               Social Networks},
  journal   = {CoRR},
  year      = {2013},
  volume    = {abs/1311.0347},
  url       = {http://arxiv.org/abs/1311.0347},
  timestamp = {Tue, 16 Sep 2014 15:54:55 +0200},
  biburl    = {http://dblp.uni-trier.de/rec/bib/journals/corr/JedariX13},
  bibsource = {dblp computer science bibliography, http://dblp.org}
}

@article{Blakely2004,
	address = {New York, New York, USA},
	author = {Blakely, Ken and Lowekamp, Bruce},
	doi = {10.1145/1023783.1023805},
	file = {:Users/Arm/Dropbox/Mendeley Papers/download(2).pdf:pdf},
	isbn = {1581139209},
	journal = {Proceedings of the second international workshop on Mobility management \& wireless access protocols - MobiWac '04},
	pages = {111},
	publisher = {ACM Press},
	title = {{A structured group mobility model for the simulation of mobile ad hoc networks}},
	url = {http://portal.acm.org/citation.cfm?doid=1023783.1023805},
	year = {2004}
}

@INPROCEEDINGS{Boldrini2007, 
	author={Boldrini, Chiara and Conti, M. and Jacopini, Jacopo and Passarella, A.}, 
	booktitle={World of Wireless, Mobile and Multimedia Networks, 2007. WoWMoM 2007. IEEE International Symposium on a}, 
	title={HiBOp: a History Based Routing Protocol for Opportunistic Networks}, 
	year={2007}, 
	month={June}, 
	pages={1-12}, 
	keywords={Context awareness;Costs;Delay effects;History;IP networks;Internet;Mobile ad hoc networks;Performance loss;Routing protocols;Spread spectrum communication}, 
	doi={10.1109/WOWMOM.2007.4351716},
}

@incollection{boldrini2008,
	author = {Boldrini, Chiara and Conti, Marco and Passarella, Andrea},
	booktitle = {Bio-Inspired Computing and Communication},
	file = {:Users/Arm/Dropbox/Mendeley Papers/biowire08.pdf:pdf},
	keywords = {mobility models,opportunistic networks},
	number = {027918},
	pages = {255--267},
	title = {{User-centric mobility models for opportunistic networking}},
	url = {http://link.springer.com/chapter/10.1007/978-3-540-92191-2\_23},
	year = {2008}
}

@article{Boldrini2009,
	address = {Boston, MA},
	author = {Boldrini, Chiara and Conti, Marco and Passarella, Andrea},
	chapter = {2},
	doi = {10.1007/978-0-387-09753-4},
	editor = {Vasilakos, Athanasios V and Parashar, Manish and Karnouskos, Stamatis and Pedrycz, Witold},
	isbn = {978-0-387-09752-7},
	journal = {Autonomic Communication},
	pages = {31--67},
	publisher = {Springer US},
	title = {{Social-based autonomic routing in opportunistic networks}},
	url = {http://dx.doi.org/10.1007/978-0-387-09753-4\_2 http://www.springerlink.com/index/10.1007/978-0-387-09753-4},
	year = {2009}
}

@phdthesis{bonaldo2011,
	author = {Mm, Scienze and Nn, F F},
	school = {UNIVERSITÀ DEGLI STUDI DI PADOVA},
	title = {{Performance Evaluation with Realistic Mobility of a File Sharing DTN Protocol}},
	year = {2011}
}

@INPROCEEDINGS{Brendan2005,
	author = {Brendan Burns and Oliver Brock and Brian Neil Levine},
	title = {MV Routing and Capacity Building in Disruption Tolerant Networks},
	booktitle = {In Proc. IEEE INFOCOM},
	year = {2005},
	pages = {398--408}
}

@inproceedings{bonaldo2011,
author = {Bujari, Armir and Palazzi, Claudio E. and Bonaldo, Daniele},
booktitle = {2011 IFIP Wireless Days (WD)},
doi = {10.1109/WD.2011.6098142},
file = {:Users/Arm/Library/Application Support/Mendeley Desktop/Downloaded/Mm, Nn - 2011 - Performance Evaluation with Realistic Mobility of a File Sharing DTN Protocol(2).pdf:pdf},
isbn = {978-1-4577-2028-4},
mendeley-groups = {RendezvousJournal},
month = oct,
organization = {UNIVERSITÀ DEGLI STUDI DI PADOVA},
pages = {1--6},
publisher = {IEEE},
title = {{Performance evaluation of a file sharing DTN protocol with realistic mobility}},
url = {http://ieeexplore.ieee.org/lpdocs/epic03/wrapper.htm?arnumber=6098142},
year = {2011}
}

@INPROCEEDINGS{Briesemeister2000, 
author={Briesemeister, L. and Hommel, G.}, 
booktitle={Mobile and Ad Hoc Networking and Computing, 2000. MobiHOC. 2000 First Annual Workshop on}, 
title={Role-based multicast in highly mobile but sparsely connected ad hoc networks}, 
year={2000}, 
month={}, 
pages={45-50}, 
keywords={accidents;land mobile radio;mobile computing;multicast communication;radio networks;road traffic;telecommunication network routing;transport protocols;algorithm;driving direction;inter-vehicle communication;location;mobile computing;mobile sparsely connected ad hoc networks;multicast area;multicast group;multicast protocol;network fragmentation;protocol quality;road accident;road traffic;role-based multicast;routing protocol;simulations;speed;time;Ad hoc networks;Application software;Computer networks;Global Positioning System;Intelligent networks;Mobile ad hoc networks;Multicast protocols;Road accidents;Road vehicles;Telecommunication traffic}, 
doi={10.1109/MOBHOC.2000.869212},}


@inproceedings{Bujari2012a,
	author = {Bujari, Armir},
	booktitle = {2012 21st International Conference on Computer Communications and Networks (ICCCN)},
	doi = {10.1109/ICCCN.2012.6289225},
	isbn = {978-1-4673-1544-9},
	keywords = {-opportunistic,A Survey of Opportunistic Data Gathering and Disse},
	month = jul,
	pages = {1--6},
	publisher = {Ieee},
	title = {{A Survey of Opportunistic Data Gathering and Dissemination Techniques}},
	url = {http://ieeexplore.ieee.org/lpdocs/epic03/wrapper.htm?arnumber=6289225},
	year = {2012}
}

@ARTICLE{Burleigh2003, 
	author={Burleigh, S. and Hooke, A. and Torgerson, L. and Fall, K. and Cerf, V. and Durst, B. and Scott, K. and Weiss, H.}, 
	journal={Communications Magazine, IEEE}, 
	title={Delay-tolerant networking: an approach to interplanetary Internet}, 
	year={2003}, 
	month={June}, 
	volume={41}, 
	number={6}, 
	pages={128-136}, 
	keywords={Internet;delays;routing protocols;transport protocols;Bundling;DTN architecture;Internet;delay-tolerant networking;disparate networking environments;least common denominator protocol;operational constraints;physical constraints;structural elements;transmission latency;Automatic repeat request;Buffer storage;Delay;IP networks;Internet;Relays;Space technology;TCPIP;Wireless LAN;Wireless application protocol}, 
	doi={10.1109/MCOM.2003.1204759}, 
	ISSN={0163-6804},
}

@INPROCEEDINGS{Burns2005, 
author={Burns, B. and Brock, O. and Levine, B.N.}, 
booktitle={INFOCOM 2005. 24th Annual Joint Conference of the IEEE Computer and Communications Societies. Proceedings IEEE}, 
title={MV routing and capacity building in disruption tolerant networks}, 
year={2005}, 
month={March}, 
volume={1}, 
pages={398-408 vol. 1}, 
keywords={message passing;routing protocols;telecommunication control;MV routing protocol;autonomous agent;disruption tolerant network;message passing;multiobjective control method;routing protocol;Autonomous agents;Bandwidth;Computer science;Delay;Disruption tolerant networking;Intelligent networks;Measurement;Message passing;Motion control;Routing protocols}, 
doi={10.1109/INFCOM.2005.1497909}, 
ISSN={0743-166X},
}

@ARTICLE{Campbell2008, 
author={Campbell, A.T. and Eisenman, S.B. and Lane, N.D. and Miluzzo, E. and Peterson, R.A. and Hong Lu and Xiao Zheng and Musolesi, M. and Fodor, K. and Gahng-Seop Ahn}, 
journal={Internet Computing, IEEE}, 
title={The Rise of People-Centric Sensing}, 
year={2008}, 
month={July}, 
volume={12}, 
number={4}, 
pages={12-21}, 
keywords={social aspects of automation;ubiquitous computing;global mobile sensing device;mesh sensor networks;mobile devices;near-ubiquitous mobile phone;people-centric sensing;social sensing;Educational institutions;Humans;Mobile communication;Mobile computing;Mobile handsets;Monitoring;Portable media players;Prototypes;Visualization;Wireless sensor networks;Wi-Fi;mesh networking;people-centric sensing}, 
doi={10.1109/MIC.2008.90}, 
ISSN={1089-7801},}

@INPROCEEDINGS{Carzaniga2004, 
author={Carzaniga, A and Rutherford, M.J. and Wolf, AL.}, 
booktitle={INFOCOM 2004. Twenty-third AnnualJoint Conference of the IEEE Computer and Communications Societies}, 
title={A routing scheme for content-based networking}, 
year={2004}, 
month={March}, 
volume={2}, 
pages={918-928 vol.2}, 
keywords={routing protocols;telecommunication network topology;telecommunication services;content-based networking;content-based routing protocol;routing scheme;traditional broadcast protocol;Broadcasting;Computer science;Condition monitoring;Games;Intrusion detection;Network synthesis;Robustness;Routing protocols}, 
doi={10.1109/INFCOM.2004.1356979}, 
ISSN={0743-166X},}

@ONLINE{Cerf2007,
author = { Cerf, V. and Burleigh, S. and Hook, A. and Torgerson, L. and Dust,R. and  Scott,K. and  Fall,K. and Weiss, H.},
title = {Delay-Tolerant Networking Architecture, IETF Network Working Group, RFC4838},
month = {April},
year = {2007},
url = {http://www.ietf.org/rfc/rfc4838.txt}
}

@inproceedings{Chen2006,
address = {New York, New York, USA},
author = {Chen, Ling-Jyh and Yu, Chen-hung and Sun, Tony and Chen, Yung-chih and Chu, Hao-hua},
booktitle = {Proceedings of the 2006 SIGCOMM workshop on Challenged networks - CHANTS '06},
doi = {10.1145/1162654.1162658},
file = {:Users/Arm/Dropbox/Mendeley Papers/Chen et al. - Unknown - A Hybrid Routing Approach for Opportunistic Networks Categories and Subject Descriptors.pdf:pdf},
isbn = {159593572X},
keywords = {erasure coding,hybrid approach,opportunistic networks},
pages = {213--220},
publisher = {ACM Press},
title = {{A hybrid routing approach for opportunistic networks}},
url = {http://portal.acm.org/citation.cfm?doid=1162654.1162658},
year = {2006}
}

@article{Chen2008,
author = {Chen, Ling-Jyh and Yu, Chen-Hung and Tseng, Cheng-Long and Chu, Hao-hua and Chou, Cheng-Fu},
doi = {10.1109/JSAC.2008.080603},
file = {:Users/Arm/Library/Application Support/Mendeley Desktop/Downloaded/Chen et al. - 2008 - A content-centric framework for effective data dissemination in opportunistic networks.pdf:pdf},
issn = {0733-8716},
journal = {IEEE Journal on Selected Areas in Communications},
month = jun,
number = {5},
pages = {761--772},
title = {{A content-centric framework for effective data dissemination in opportunistic networks}},
url = {http://ieeexplore.ieee.org/lpdocs/epic03/wrapper.htm?arnumber=4530733},
volume = {26},
year = {2008}
}

@INPROCEEDINGS{Chung2003, 
author={Jin-Hwan Chung and Sung-Eun Kim and Copeland, J.}, 
booktitle={Vehicular Technology Conference, 2003. VTC 2003-Spring. The 57th IEEE Semiannual}, 
title={Reliable wireless multicast using fast low-density codes}, 
year={2003}, 
month={April}, 
volume={2}, 
pages={1218-1222 vol.2}, 
keywords={Reed-Solomon codes;forward error correction;multicast communication;radio networks;IEEE 802.11;NACK exposure;NACK implosion;Reed-Solomon FEC-based scheme;computational complexity;fast low-density erasure codes;forward error correction;group size;homogeneous tornado FEC;multicast bulk data distribution;multicast protocol;packet loss rate;reliable wireless multicast;tornado FEC;wireless channel impairment;wireless local area network;Computational complexity;Decoding;Degradation;Error correction;Forward error correction;Interleaved codes;Multicast protocols;Performance loss;Reed-Solomon codes;Tornadoes}, 
doi={10.1109/VETECS.2003.1207821}, 
ISSN={1090-3038},
}

@ARTICLE{Conan2008, 
author={Conan, V. and Leguay, J. and Friedman, T.}, 
journal={Selected Areas in Communications, IEEE Journal on}, 
title={Fixed point opportunistic routing in delay tolerant networks}, 
year={2008}, 
month={June}, 
volume={26}, 
number={5}, 
pages={773-782}, 
keywords={polynomials;radio networks;recursive estimation;telecommunication network routing;delay tolerant network;fixed point recursive process;multihop opportunistic routing scheme;polynomial convergence;reference data set;sparse DTN;Communication switching;Convergence;Delay;Disruption tolerant networking;Network topology;Performance evaluation;Polynomials;Relays;Routing;Spread spectrum communication}, 
doi={10.1109/JSAC.2008.080604}, 
ISSN={0733-8716},}

@INPROCEEDINGS{Chung-Ming2008, 
	author={Chung-Ming Huang and Kun-chan Lan and Chang-Zhou Tsai}, 
	booktitle={Advanced Information Networking and Applications - Workshops, 2008. AINAW 2008. 22nd International Conference on}, 
	title={A Survey of Opportunistic Networks}, 
	year={2008}, 
	month={March}, 
	pages={1672-1677}, 
	keywords={telecommunication network routing;transport protocols;TCP;intermediate nodes;link performance;network contacts;opportunistic networks;routing solution;Application software;Computer science;Disruption tolerant networking;Electronic mail;IP networks;Physical layer;Propagation delay;Protocols;Resumes;TCPIP}, 
	doi={10.1109/WAINA.2008.292},
}

@ARTICLE{Conti2010, 
author={Conti, M. and Giordano, S. and May, M. and Passarella, A}, 
journal={Communications Magazine, IEEE}, 
title={From opportunistic networks to opportunistic computing}, 
year={2010}, 
month={Sept}, 
volume={48}, 
number={9}, 
pages={126-139}, 
keywords={Internet;multimedia computing;personal computing;ubiquitous computing;PDA;connectivity opportunities;human pervasive network;next-generation Internet;opportunistic computing;opportunistic networking;opportunistic networks;personal computing devices;rich multimedia content;smart-phones;user devices;wireless network interfaces;Communities;Medical services;Mobile communication;Monitoring;Peer to peer computing;Protocols}, 
doi={10.1109/MCOM.2010.5560597}, 
ISSN={0163-6804},}

@article{Conti2014,
	author = {Conti, Marco and National, Italian},
	number = {January},
	pages = {85--96},
	title = {{Mobile Ad Hoc Networking : Milestones , Challenges , and New Research Directions}},
	year = {2014}
}

@article{DING201432,
title = "Road traffic and geography topology based opportunistic routing for \{VANETs\} ",
journal = "The Journal of China Universities of Posts and Telecommunications ",
volume = "21",
number = "4",
pages = "32 - 39",
year = "2014",
note = "",
issn = "1005-8885",
doi = "http://dx.doi.org/10.1016/S1005-8885(14)60313-7",
url = "http://www.sciencedirect.com/science/article/pii/S1005888514603137",
author = "Yu DING and Ya-zhi LIU and Xiang-yang GONG and Wen-dong WANG",
keywords = "\{VANETs\}",
keywords = "traffic flow",
keywords = "opportunistic routing",
keywords = "geography topology "
}



@article{Eu2010,
author = {Eu, Zhi Ang and Tan, Hwee-Pink and Seah, Winston K.G.},
doi = {10.1016/j.comnet.2010.05.012},
issn = {13891286},
journal = {Computer Networks},
keywords = {Energy harvesting,Opportunistic routing,Wireless sensor networks},
month = dec,
number = {17},
pages = {2943--2966},
title = {{Opportunistic routing in wireless sensor networks powered by ambient energy harvesting}},
url = {http://www.sciencedirect.com/science/article/pii/S1389128610001581},
volume = {54},
year = {2010}
}

@article{Feeney2001,
	author = {Feeney, LM},
	journal = {Mobile Networks and Applications},
	keywords = {energy consumption,mobile ad hoc networks,routing},
	pages = {239--249},
	title = {{An Energy Consumption Model for Performance Analysis of Routing Protocols for Mobile Ad Hoc Networks}},
	url = {http://dl.acm.org/citation.cfm?id=383763},
	year = {2001}
}

@article{Ferretti2013,
title = "Shaping opportunistic networks ",
journal = "Computer Communications ",
volume = "36",
number = "5",
pages = "481 - 503",
year = "2013",
note = "",
issn = "0140-3664",
doi = "http://dx.doi.org/10.1016/j.comcom.2012.12.006",
url = "http://www.sciencedirect.com/science/article/pii/S0140366412004148",
author = "Stefano Ferretti",
keywords = "Opportunistic networks",
keywords = "Overlay topologies",
keywords = "Self-organization "
}



@article{Garcia-saavedra2012,
	author = {Garcia-saavedra, Andres and Serrano, Pablo and Banchs, Albert and Bianchi, Giuseppe and Politecnico, Via},
	isbn = {9781450317757},
	journal = {Mobile Networks and Applications},
	keywords = {11,802,battery powered wireless,cross-factor,energy consumption anatomy,energy mea-,moreover,most handheld devices,surements,wlan},
	pages = {169--180},
	title = {{Energy Consumption Anatomy of 802.11 Devices and its Implication on Modeling and Design}},
	year = {2012}
}

@INPROCEEDINGS{Garg2012, 
author={Garg, K.}, 
booktitle={Pervasive Computing and Communications Workshops (PERCOM Workshops), 2012 IEEE International Conference on}, 
title={COSN: A collaborative opportunistic sensor networking framework for people-centric applications}, 
year={2012}, 
month={March}, 
pages={542-543}, 
keywords={client-server systems;groupware;mobile computing;sensors;smart phones;COSN;client-server architecture;collaborative opportunistic sensor networking framework;mobile devices;people-centric applications;people-centric participatory sensing;people-centric services;sensor data;smart phones;Computer architecture;Humans;Internet;Mobile communication;Mobile handsets;Sensors;Servers;Opportunistic Sensor Networking;Participatory Sensing}, 
doi={10.1109/PerComW.2012.6197564},}

@inproceedings{Garg2013,
	address = {New York, New York, USA},
	author = {Garg, Kamini and Giordano, Silvia and F\"{o}rster, Anna},
	booktitle = {Proceedings of the 2nd ACM workshop on High performance mobile opportunistic systems - HP-MOSys '13},
	doi = {10.1145/2507908.2507919},
	isbn = {9781450323727},
	keywords = {19,approach but researchers are,data dissemination,mobility model,opportunistic networks,performance of these networks,still skeptical regarding the,the key challenges as-},
	pages = {9--16},
	publisher = {ACM Press},
	title = {{A study to understand the impact of node density on data dissemination time in opportunistic networks}},
	url = {http://dl.acm.org/citation.cfm?doid=2507908.2507919},
	year = {2013}
}

@ARTICLE{Gavrilovich2001, 
author={Gavrilovich, C.D., Jr.}, 
journal={Communications Magazine, IEEE}, 
title={Broadband communication on the highways of tomorrow}, 
year={2001}, 
month={Apr}, 
volume={39}, 
number={4}, 
pages={146-154}, 
keywords={broadband networks;cellular radio;channel capacity;radio networks;20 Mbit/s;broadband channels;broadband communication services;cellular radio;data rates;high-bandwidth channels;high-capacity infrastructure;high-capacity system;highway speeds;mobile consumers;moving base stations;moving communication cells;vehicular speed;wireless industry;Bandwidth;Base stations;Broadband communication;Costs;Frequency;Mobile communication;Proposals;Road transportation;Web and internet services;Wireless communication}, 
doi={10.1109/35.917517}, 
ISSN={0163-6804},}

@inproceedings{Goldenberg2004,
	author = {Goldenberg, David K and Lin, Jie and Morse, A Stephen and Rosen, Brad E and Yang, Y Richard},
	booktitle = {5th ACM international symposium on Mobile ad hoc networking and computing},
	isbn = {1581138490},
	keywords = {mobility control,networks,routing,self-configuration in ad hoc},
	pages = {163--174},
	publisher = {ACM Press},
	title = {{Towards Mobility as a Network Control Primitive}},
	year = {2004}
}

@ARTICLE{Grossglauser2002, 
	author={Grossglauser, Matthias and Tse, D.N.C.}, 
	journal={Networking, IEEE/ACM Transactions on}, 
	title={Mobility increases the capacity of ad hoc wireless networks}, 
	year={2002}, 
	month={Aug}, 
	volume={10}, 
	number={4}, 
	pages={477-486}, 
	keywords={delays;diversity reception;mobile radio;multiuser channels;network topology;packet radio networks;telecommunication network routing;ad hoc wireless networks;concurrent transmissions;delay constraints;mobile nodes;multiuser diversity;mutual interference;network topology;packet relaying;per-session throughput;two-hop routes;Base stations;Cellular networks;Delay;Diversity methods;Diversity reception;Fading;Interference constraints;Network topology;Throughput;Wireless networks}, 
	doi={10.1109/TNET.2002.801403}, 
	ISSN={1063-6692},
}

@online{Haggle,
  author = {Martin May},
  title = {{The Haggle} Project},
  year = 2010,
  url = {http://www.haggleproject.org},
  urldate = {2014-10-13}
}

@INPROCEEDINGS{Haillot2009, 
author={Haillot, J. and Guidec, F. and Corlay, S. and Turbert, J.}, 
booktitle={Military Communications Conference, 2009. MILCOM 2009. IEEE}, 
title={Disruption-tolerant content-driven information dissemination in partially connected military tactical radio networks}, 
year={2009}, 
month={Oct}, 
pages={1-7}, 
keywords={computer networks;fault tolerant computing;middleware;military communication;military computing;mobile communication;mobile computing;telecommunication network reliability;PR4G;VHF battlefield radios;disruption tolerant content driven information dissemination;middleware platform;mobile terminal;partially connected military tactical radio networks;Dissolved gas analysis;Intelligent networks;Military communication;Multicast protocols;Network topology;Procurement;Radio network;Radio networks;Spread spectrum communication;Testing}, 
doi={10.1109/MILCOM.2009.5379983},
}

@inproceedings{Harras2005,
	address = {Berlin, Heidelberg},
	author = {Harras, Khaled A and Almeroth, Kevin C and Belding-Royer, Elizabeth M},
	booktitle = {Proceedings of the 4th IFIP-TC6 International Conference on Networking Technologies, Services, and Protocols; Performance of Computer and Communication Networks; Mobile and Wireless Communication Systems},
	doi = {10.1007/11422778\_95},
	file = {:Users/Arm/Dropbox/Mendeley Papers/Harras, Almeroth, Belding-royer - Unknown - Delay Tolerant Mobile Networks ( DTMNs ) Controlled Flooding in Sparse Mobile Networks.pdf:pdf},
	isbn = {3-540-25809-4, 978-3-540-25809-4},
	keywords = {delay tolerant networking,mobile networks},
	pages = {1180--1192},
	publisher = {Springer-Verlag},
	series = {NETWORKING'05},
	title = {{Delay Tolerant Mobile Networks (DTMNs): Controlled Flooding in Sparse Mobile Networks}},
	url = {http://dx.doi.org/10.1007/11422778\_95},
	year = {2005}
}

@article{Hsu2011,
  added-at = {2011-09-26T00:00:00.000+0200},
  author = {Hsu, Che-Jung and Liu, Huey-Ing and Seah, Winston Khoon Guan},
  biburl = {http://www.bibsonomy.org/bibtex/250fb0a69628ae1639c16dc7dce78ea51/dblp},
  ee = {http://dx.doi.org/10.1016/j.comnet.2011.06.021},
  interhash = {f63c3090f99d587e9a950b3b01e1ef84},
  intrahash = {50fb0a69628ae1639c16dc7dce78ea51},
  journal = {Computer Networks},
  keywords = {dblp},
  number = 15,
  pages = {3592-3603},
  timestamp = {2011-09-26T00:00:00.000+0200},
  title = {Opportunistic routing - A review and the challenges ahead.},
  url = {http://dblp.uni-trier.de/db/journals/cn/cn55.html#HsuLS11},
  volume = 55,
  year = 2011
}

@phdthesis{Hu2009,
		author = {Hu, Liang},
		school = {Technical University of Denmark},
		title = {{Mobile Peer-to-Peer Data Dissemination over Opportunistic Wireless Networks}},
		year = {2009}
}

% Optional fields: volume/number, series, address, edition, month, note
@INBOOK{isaac2013,
	author = {Isaac Woungang, Sanjay Kumar Dhurandher, Alagan Anpalagan, Athanasios V. Vasilakos},
	title = {Routing in Opportunistic Networks},
	publisher = {Springer},
	year = {2013},
	chapter = {Context-Based Routing Protocols for OppNets}
}

@INPROCEEDINGS{Jianwei2009, 
author={Jianwei Niu and Zhou, Xing and Kongqiao Wang and Jian Ma}, 
booktitle={Wireless Communications, Networking and Mobile Computing, 2009. WiCom '09. 5th International Conference on}, 
title={A Data Transmission Scheme for Community-Based Opportunistic Networks}, 
year={2009}, 
month={Sept}, 
pages={1-5}, 
keywords={ad hoc networks;data communication;mobile radio;telecommunication network routing;active nodes;community-based opportunistic networks;data transmission scheme;mobile wireless ad hoc network;multicopy routing algorithms;packet loss rate;transmission delay;Automata;Computer science;Data communication;Delay;Protocols;System testing;Tail}, 
doi={10.1109/WICOM.2009.5302274},}

@inproceedings{Jiao2009,
author = {Jiao, Yazhou and Jin, Zhigang and Shu, Yantai},
booktitle = {2009 Fifth International Conference on Mobile Ad-hoc and Sensor Networks},
doi = {10.1109/MSN.2009.75},
file = {:Users/Arm/Library/Application Support/Mendeley Desktop/Downloaded/Jiao, Jin, Shu - 2009 - Data Dissemination in Delay and Disruption Tolerant Networks Based on Content Classification(2).pdf:pdf},
isbn = {978-1-4244-5468-6},
keywords = {- delay tolerant networks,content classification,data dissemination,disruption tolerant,dtn,networks},
number = {2007},
pages = {366--370},
publisher = {IEEE},
title = {{Data Dissemination in Delay and Disruption Tolerant Networks Based on Content Classification}},
url = {http://ieeexplore.ieee.org/lpdocs/epic03/wrapper.htm?arnumber=5401510},
year = {2009}
}

@INPROCEEDINGS{Jin2009, 
author={Zhigang Jin and Ximan Zhao and Yongmei Luo and Dongxue Zhao}, 
booktitle={Wireless Communications Signal Processing, 2009. WCSP 2009. International Conference on}, 
title={Adaptive Priority Routing with Ack Mechanism for DTN networks}, 
year={2009}, 
month={Nov}, 
pages={1-5}, 
doi={10.1109/WCSP.2009.5371690},
}


@article{Jedari2013,
	author = {Jedari, Behrouz and Xia, Feng},
	journal = {arXiv preprint arXiv:1311.0347},
	title = {{A Survey on Routing and Data Dissemination in Opportunistic Mobile Social Networks}},
	url = {http://arxiv.org/abs/1311.0347},
	year = {2013}
}

@inproceedings{Jenkins2010,
author = {Jenkins, Andrew and Kuzminsky, Sebastian and Gifford, Kevin K and Pitts, Robert L and Nichols, Kelvin},
booktitle = {2010 IEEE Aerospace Conference},
doi = {10.1109/AERO.2010.5446948},
file = {:Users/Arm/Library/Application Support/Mendeley Desktop/Downloaded/Jenkins et al. - 2010 - Delay Disruption-Tolerant Networking Flight Test Results from the International Space Station.pdf:pdf},
isbn = {978-1-4244-3887-7},
month = mar,
pages = {1--8},
publisher = {IEEE},
title = {{Delay/Disruption-Tolerant Networking: Flight test results from the international space station}},
url = {http://ieeexplore.ieee.org/lpdocs/epic03/wrapper.htm?arnumber=5446948},
year = {2010}
}

@ARTICLE{Jie2007, 
author={Jie Wu and Shuhui Yang and Fei Dai}, 
journal={Parallel and Distributed Systems, IEEE Transactions on}, 
title={Logarithmic Store-Carry-Forward Routing in Mobile Ad Hoc Networks}, 
year={2007}, 
month={June}, 
volume={18}, 
number={6}, 
pages={735-748}, 
keywords={ad hoc networks;mobility management (mobile radio);routing protocols;synchronisation;telecommunication network planning;logarithmic store-carry-forward routing;mobile ad hoc network;mobility-assisted model;synchronization;trajectory planning;Analytical models;Communication system control;Educational institutions;Mobile ad hoc networks;Mobile communication;Protective relaying;Protocols;Relays;Routing;Trajectory;MANETs;mobile nodes;network capacity;store-carry-forward;trajectory planning.}, 
doi={10.1109/TPDS.2007.1061}, 
ISSN={1045-9219},
}

@INPROCEEDINGS{Jie2007a, 
author={Jie Wu}, 
booktitle={Pervasive Computing and Communications Workshops, 2007. PerCom Workshops '07. Fifth Annual IEEE International Conference on}, 
title={Dynamic Carrier-Assisted Routing in Mobile Networks}, 
year={2007}, 
month={March}, 
pages={606-609}, 
keywords={mobile radio;position control;telecommunication congestion control;telecommunication network routing;average-moving-distance;control plane switches;dual-control planes model;dynamic carrier-assisted routing;message routing;mobile networks;mobile node trajectory control;network capacity;node mobility;route sharing maximization;store-carry-forward paradigm;Communication system control;Computer science;Disruption tolerant networking;IP networks;Mobile computing;Protocols;Relays;Routing;Switches;Wireless sensor networks}, 
doi={10.1109/PERCOMW.2007.41},}


@inproceedings{Jun2006,
	address = {New York, NY, USA},
	author = {Jun, Hyewon and Ammar, Mostafa H and Corner, Mark D and Zegura, Ellen W},
	booktitle = {Proceedings of the 2006 SIGCOMM Workshop on Challenged Networks},
	doi = {10.1145/1162654.1162662},
	isbn = {1-59593-572-X},
	pages = {245--252},
	publisher = {ACM},
	series = {CHANTS '06},
	title = {{Hierarchical Power Management in Disruption Tolerant Networks with Traffic-aware Optimization}},
	year = {2006}
}

@incollection{Joe2010,
year={2010},
isbn={978-3-642-17568-8},
booktitle={Future Generation Information Technology},
volume={6485},
series={Lecture Notes in Computer Science},
editor={Kim, Tai-hoon and Lee, Young-hoon and Kang, Byeong-Ho and ÅlÄzak, Dominik},
doi={10.1007/978-3-642-17569-5_72},
title={A Message Priority Routing Protocol for Delay Tolerant Networks (DTN) in Disaster Areas},
url={http://dx.doi.org/10.1007/978-3-642-17569-5_72},
publisher={Springer Berlin Heidelberg},
keywords={Routing protocol; message priority; delay tolerant nerworks; disaster area},
author={Joe, Inwhee and Kim, Sang-Bo},
pages={727-737}
}

@article{Kamyabpour2011,
	author = {Kamyabpour, Najmeh and Hoang, DB},
	file = {:Users/Arm/Dropbox/Mendeley Papers/1112.5800v1.pdf:pdf},
	journal = {arXiv preprint arXiv:1112.5800},
	keywords = {energy driven architecture,heda,hierarchy,overall energy consumption,sensor,wireless sensor networks,wsns},
	title = {{Modeling overall energy consumption in Wireless Sensor Networks}},
	url = {http://arxiv.org/abs/1112.5800},
	year = {2011}
}

@incollection{Karkkainen2013,
	author = {K\"{a}rkk\"{a}inen, Teemu and Pitkanen, Mikko and Ott, Joerg},
	booktitle = {Mobile Ad Hoc Networking},
	doi = {10.1002/9781118511305.ch9},
	isbn = {9781118511305},
	pages = {315--359},
	publisher = {John Wiley, Inc.},
	title = {{Applications in Delay-Tolerant and Opportunistic Networks}},
	year = {2013}
}

@inbook {Kärkkäinen2013,
title = {Applications in Delay-Tolerant and Opportunistic Networks},
author = {Kärkkäinen, Teemu and Pitkanen, Mikko and Ott, Joerg},
publisher = {John Wiley \& Sons, Inc.},
isbn = {9781118511305},
url = {http://dx.doi.org/10.1002/9781118511305.ch9},
doi = {10.1002/9781118511305.ch9},
pages = {315--359},
keywords = {delay-tolerant, DTN, message-based communication, opportunistic network},
booktitle = {Mobile Ad Hoc Networking},
year = {2013},
}


@inproceedings{Kathiravelu2006,
	author = {Kathiravelu, Thabotharan and Pears, Arnold and Ranasinghe, Nalin},
	booktitle = {Proceedings of the Eighth International Information Technology Conference (IITC) 2006},
	organization = {University of Colombo, Sri Lanka},
	pages = {185},
	title = {{Connectivity Models : A New Approach to Modeling Contacts in Opportunistic Networks}},
	url = {http://icter.org/conference/sites/default/files/icter/IITC2006Proceedings\_1.pdf\#page=31},
	year = {2006}
}

@article{Keranen2009b,
	author = {Ker\"{a}nen, Ari and Ott, J\"{o}rg and K\"{a}rkk\"{a}inen, Teemu},
	doi = {10.4108/ICST.SIMUTOOLS2009.5674},
	file = {:Users/Arm/Dropbox/Mendeley Papers/Ker\"{a}nen, Ott, K\"{a}rkk\"{a}inen - 2009 - The ONE simulator for DTN protocol evaluation.pdf:pdf;:Users/Arm/Dropbox/Mendeley Papers/Ker\"{a}nen, Ott, K\"{a}rkk\"{a}inen - 2009 - The ONE simulator for DTN protocol evaluation(2).pdf:pdf},
	isbn = {978-963-9799-45-5},
	journal = {Proceedings of the Second International ICST Conference on Simulation Tools and Techniques},
	keywords = {delay-tolerant networking,routing,simulations},
	publisher = {Icst},
	title = {{The ONE simulator for DTN protocol evaluation}},
	url = {http://eudl.eu/doi/10.4108/ICST.SIMUTOOLS2009.5674},
	year = {2009}
}

@INPROCEEDINGS{Kerdsri2012a, 
author={Kerdsri, J. and Wipusitwarkun, K.}, 
booktitle={Advanced Communication Technology (ICACT), 2012 14th International Conference on}, 
title={Network virtualization for military application: Review and initial development of conceptual design}, 
year={2012}, 
month={Feb}, 
pages={61-66}, 
keywords={delay tolerant networks;error statistics;grid computing;military communication;transport protocols;DTN;GIG;MVNE;NCO;TCP/IP architecture;delay/disruption/disconnection tolerant network;error rate;global information grid;information classification;military application;military communication network;military network virtualization environment;military tactical network;modern warfare;movable node;network architecture;network centric operations;network infrastructure;network technology;networking technology;tactical operation network;virtualization network;Delay;IP networks;Military communication;Network topology;Protocols;Routing;Security;Communication;GIG;Military;Network Virtualization;Tactical Network}, 
ISSN={1738-9445},}

@inproceedings{Kerdsri2012,
abstract = {Abstract With the rapid advanced in network technology, Network Virtualization has come into existence as a new approach of Active/Programmable Network . This software defined network platform makes it possible to design revolutionary networking architectures that ...},
author = {Kerdsri, Jiradett and Wipusitwarkun, Komwut},
booktitle = {2012 IEEE/SICE International Symposium on System Integration (SII)},
doi = {10.1109/SII.2012.6427357},
file = {:Users/Arm/Library/Application Support/Mendeley Desktop/Downloaded/Kerdsri, Wipusitwarkun - 2012 - Data-wise Routing in Virtualization Environment (DRIVE) with multiple level of security for tactical net.pdf:pdf},
isbn = {978-1-4673-1497-8},
month = dec,
pages = {933--938},
publisher = {IEEE},
title = {{Data-wise Routing in Virtualization Environment (DRIVE) with multiple level of security for tactical network}},
url = {http://ieeexplore.ieee.org/xpls/abs\_all.jsp?arnumber=6427357 file:///Users/Arm/Dropbox/Papers2/Articles/2012/Kerdsri/2012 Kerdsri-1.pdf papers2://publication/uuid/FAA9E792-A413-4F6C-8868-8BE06A127568 http://ieeexplore.ieee.org/lpdocs/epic03/wrapper.htm?arnumber=6427357},
year = {2012}
}


@article{Kerdsri2013,
	author = {Kerdsri, Jiradett and Wipusitwarkun, Komwut},
	journal = {Journal of Convergence Information Technology},
	keywords = {opportunistic network,opportunistic routing,virtualization network},
	mendeley-groups = {RendezvousJournal},
	number = {August},
	pages = {91--103},
	title = {{DORSI : Data-wise Opportunistic Routing with Spatial Information}},
	volume = {8},
	year = {2013}
}

@ARTICLE{Khabbaz2011, 
author={Khabbaz, M.J. and Fawaz, W.F. and Assi, C.M.}, 
journal={Communications Letters, IEEE}, 
title={Probabilistic Bundle Relaying Schemes in Two-Hop Vehicular Delay Tolerant Networks}, 
year={2011}, 
month={March}, 
volume={15}, 
number={3}, 
pages={281-283}, 
keywords={delays;mobile radio;probability;vehicular ad hoc networks;mobile nodes;probabilistic bundle relaying schemes;stationary nodes;vehicular delay tolerant networks;Delay;Internet;Mobile communication;Probabilistic logic;Relays;Road transportation;Vehicles;Delay-tolerant networks;bundle;relay;vehicular}, 
doi={10.1109/LCOMM.2011.011011.102512}, 
ISSN={1089-7798},}

@article{Khabbaz2012,
author = {Khabbaz, Maurice J. and Assi, Chadi M. and Fawaz, Wissam F.},
doi = {10.1109/SURV.2011.041911.00093},
file = {:Users/Arm/Library/Application Support/Mendeley Desktop/Downloaded/Khabbaz, Assi, Fawaz - 2012 - Disruption-Tolerant Networking A Comprehensive Survey on Recent Developments and Persisting Challenges(2).pdf:pdf},
issn = {1553-877X},
journal = {IEEE Communications Surveys \& Tutorials},
number = {2},
pages = {607--640},
title = {{Disruption-Tolerant Networking: A Comprehensive Survey on Recent Developments and Persisting Challenges}},
url = {http://ieeexplore.ieee.org/lpdocs/epic03/wrapper.htm?arnumber=5770277},
volume = {14},
year = {2012}
}

@article {Khaled2009,
	author = {Harras, Khaled A. and Almeroth, Kevin C.},
	title = {Controlled flooding in disconnected sparse mobile networks},
	journal = {Wireless Communications and Mobile Computing},
	volume = {9},
	number = {1},
	publisher = {John Wiley & Sons, Ltd.},
	issn = {1530-8677},
	url = {http://dx.doi.org/10.1002/wcm.653},
	doi = {10.1002/wcm.653},
	pages = {21--33},
	keywords = {sparse mobile networks, delay tolerant networks, epidemic routing},
	year = {2009},
}

@INPROCEEDINGS{Kidston2012, 
author={Kidston, D. and Minghui Shi}, 
booktitle={Communications (ICC), 2012 IEEE International Conference on}, 
title={Opportunistic routing in tactical networks}, 
year={2012}, 
month={June}, 
pages={328-333}, 
keywords={military communication;mobile ad hoc networks;telecommunication network routing;telecommunication network topology;AODV;EOR;MANET routing technique;OLSRv2;Qualnet;cross-layered approach;enhanced opportunistic routing;military VHF tactical networks;mobile tactical networks;multihop transmission;network functionality;network overhead;network topology state;packet delivery;per-packet forwarding decision;preset domain knowledge;topological complexity;voice-data traffic;Bandwidth;Delay;Network topology;Routing;Routing protocols;Time division multiple access;cross-layer design;opportunistic routing;tactical networks}, 
doi={10.1109/ICC.2012.6364126}, 
ISSN={1550-3607},}

@inproceedings{Kotrappa2010,
author = {Kotrappa, S. and Kulkarni, Prakash J.},
booktitle = {2010 International Conference on Advances in Recent Technologies in Communication and Computing},
doi = {10.1109/ARTCom.2010.87},
file = {:Users/Arm/Library/Application Support/Mendeley Desktop/Downloaded/Ramachandran, Pearce, Welch - Unknown - AspectJ for Multilevel Security.pdf:pdf},
isbn = {978-1-4244-8093-7},
month = oct,
pages = {369--373},
publisher = {IEEE},
title = {{Multilevel Security Using Aspect Oriented Programming AspectJ}},
url = {http://ieeexplore.ieee.org/lpdocs/epic03/wrapper.htm?arnumber=5656818},
year = {2010}
}

@article{Kumar201422,
title = "Learning Automata-based Opportunistic Data Aggregation and Forwarding scheme for alert generation in Vehicular Ad Hoc Networks ",
journal = "Computer Communications ",
volume = "39",
number = "0",
pages = "22 - 32",
year = "2014",
note = "Research advances and standardization activities in \{WLANs\} Research advances and standardization activities in \{WLANs\} ",
issn = "0140-3664",
doi = "http://dx.doi.org/10.1016/j.comcom.2013.09.005",
url = "http://www.sciencedirect.com/science/article/pii/S0140366413002107",
author = "Neeraj Kumar and Naveen Chilamkurti and Joel J.P.C. Rodrigues",
keywords = "Vehicular Ad Hoc Networks",
keywords = "Opportunistic forwarding",
keywords = "Data aggregation",
keywords = "Learning automata "
}



@ARTICLE{Kun-De2002, 
author={Kun-De Lin and Jin-Fu Chang}, 
journal={Wireless Communications, IEEE}, 
title={Communications and entertainment onboard a high-speed public transport system}, 
year={2002}, 
month={Feb}, 
volume={9}, 
number={1}, 
pages={84-89}, 
keywords={entertainment;land mobile radio;microwave links;mobile satellite communication;transportation;airplane;architectural design;communication services;entertainment services;hierarchical architecture;high-speed public transport system;infrastructure networks;land backbone network;land terrestrial microwave system;mobile network;mobile subsystem;radio transport;research;satellite communication system;transoceanic cruise ship;Aircraft;Airplanes;GSM;Local area networks;Marine vehicles;Microwave communication;Mobile communication;Satellite broadcasting;Satellite communication;Telephony}, 
doi={10.1109/MWC.2002.986463}, 
ISSN={1536-1284},}


@inproceedings{Leguay2005,
 author = {Leguay, J{\'e}r{\'e}mie and Friedman, Timur and Conan, Vania},
 title = {DTN Routing in a Mobility Pattern Space},
 booktitle = {Proceedings of the 2005 ACM SIGCOMM Workshop on Delay-tolerant Networking},
 series = {WDTN '05},
 year = {2005},
 isbn = {1-59593-026-4},
 location = {Philadelphia, Pennsylvania, USA},
 pages = {276--283},
 numpages = {8},
 url = {http://doi.acm.org/10.1145/1080139.1080146},
 doi = {10.1145/1080139.1080146},
 acmid = {1080146},
 publisher = {ACM},
 address = {New York, NY, USA},
 keywords = {delay tolerant networks, mobility, routing},
} 

@INPROCEEDINGS{Leguay2006, 
author={Leguay, J. and Friedman, T. and Conan, V.}, 
booktitle={INFOCOM 2006. 25th IEEE International Conference on Computer Communications. Proceedings}, 
title={Evaluating Mobility Pattern Space Routing for DTNs}, 
year={2006}, 
month={April}, 
pages={1-10}, 
keywords={Ambient networks;Context modeling;Disruption tolerant networking;Frequency;Large-scale systems;Low earth orbit satellites;Network topology;Partitioning algorithms;Routing;Testing}, 
doi={10.1109/INFOCOM.2006.299}, 
ISSN={0743-166X},
}

@ARTICLE{Liguang2013, 
author={Liguang Xie and Yi Shi and Hou, Y.T. and Lou, A}, 
journal={Wireless Communications, IEEE}, 
title={Wireless power transfer and applications to sensor networks}, 
year={2013}, 
month={August}, 
volume={20}, 
number={4}, 
pages={140-145}, 
keywords={mobile computing;telecommunication power supplies;wireless sensor networks;battery constraint;energy bottlenecks;energy constraints;lifetime bottlenecks;mobile devices;performance bottleneck;sensor networks;wireless devices;wireless power transfer;Couplings;Magnetic resonance;Masers;Mobile handsets;Wireless communication;Wireless sensor networks}, 
doi={10.1109/MWC.2013.6590061}, 
ISSN={1536-1284},
}

@article{Lindgren2003,
	author = {Lindgren, Anders and Doria, Avri and Schel\'{e}n, Olov},
	doi = {10.1145/961268.961272},
	issn = {15591662},
	journal = {ACM SIGMOBILE Mobile Computing and Communications Review},
	month = jul,
	number = {3},
	pages = {19},
	title = {{Probabilistic routing in intermittently connected networks}},
	url = {http://portal.acm.org/citation.cfm?doid=961268.961272},
	volume = {7},
	year = {2003}
}

@incollection{Lindgren2004,
	year={2004},
	isbn={978-3-540-22567-6},
	booktitle={Service Assurance with Partial and Intermittent Resources},
	volume={3126},
	series={Lecture Notes in Computer Science},
	editor={Dini, Petre and Lorenz, Pascal and de Souza, JoséNeuman},
	doi={10.1007/978-3-540-27767-5_24},
	title={Probabilistic Routing in Intermittently Connected Networks},
	url={http://dx.doi.org/10.1007/978-3-540-27767-5_24},
	publisher={Springer Berlin Heidelberg},
	author={Lindgren, Anders and Doria, Avri and Schelén, Olov},
	pages={239-254},
	language={English}
}

@inproceedings{Lindgren2008,
author = {Lindgren, Anders and Mascolo, Cecilia and Lonergan, Mike and McConnell, Bernie},
booktitle = {2008 5th IEEE International Conference on Mobile Ad Hoc and Sensor Systems},
doi = {10.1109/MAHSS.2008.4660064},
file = {:Users/Arm/Dropbox/Mendeley Papers/Lindgren et al. - 2008 - Seal-2-Seal A delay-tolerant protocol for contact logging in wildlife monitoring sensor networks.pdf:pdf},
isbn = {978-1-4244-2574-7},
month = sep,
pages = {321--327},
publisher = {IEEE},
title = {{Seal-2-Seal: A delay-tolerant protocol for contact logging in wildlife monitoring sensor networks}},
url = {http://ieeexplore.ieee.org/lpdocs/epic03/wrapper.htm?arnumber=4660064},
year = {2008}
}


@article{Liu2009,
	author = {Liu, Haitao and Zhang, Baoxian and Mouftah, H T and Shen, X and Ma, Jian},
	doi = {10.1109/MCOM.2009.5350376},
	issn = {0163-6804},
	journal = {Communications Magazine, IEEE},
	number = {12},
	pages = {103--109},
	title = {{Opportunistic routing for wireless ad hoc and sensor networks: Present and future directions}},
	url = {http://ieeexplore.ieee.org/xpls/abs\_all.jsp?arnumber=5350376},
	volume = {47},
	year = {2009}
}

@incollection{Liu2011,
year={2011},
isbn={978-3-642-23489-7},
booktitle={Wireless Algorithms, Systems, and Applications},
volume={6843},
series={Lecture Notes in Computer Science},
editor={Cheng, Yu and Eun, DoYoung and Qin, Zhiguang and Song, Min and Xing, Kai},
doi={10.1007/978-3-642-23490-3_22},
title={A Survey of Routing Protocols and Simulations in Delay-Tolerant Networks},
url={http://dx.doi.org/10.1007/978-3-642-23490-3_22},
publisher={Springer Berlin Heidelberg},
keywords={Delay-Tolerant Networks; Routing; Simulation; Mobility Model},
author={Liu, Mengjuan and Yang, Yan and Qin, Zhiguang},
pages={243-253},
language={English}
}

@inproceedings{Ma2011,
	author = {Ma, Yaozhou and Jamalipour, Abbas},
	booktitle = {The 17th Asia Pacific Conference on Communications},
	isbn = {978-1-4577-0390-4},
	month = oct,
	number = {October},
	pages = {445--449},
	publisher = {IEEE},
	title = {{Opportunistic geocast in large scale intermittently connected mobile ad hoc networks}},
	year = {2011}
}


@techreport{marking2010,
address = {Washington, DC},
pages = {707--708},
institution = {Department of Defense},
title = {{Marking Classified National Security Information}},
url = {http://www.dtic.mil/whs/directives/corres/pdf/520001\_vol2.pdf},
year = {1010}
}


@article{Martin-Campillo2012,
	author = {Mart\'{\i}n-Campillo, Abraham and Mart\'{\i}, Ramon},
	doi = {10.1016/j.comcom.2012.04.028},
	issn = {01403664},
	journal = {Computer Communications},
	month = aug,
	number = {14},
	pages = {1715--1724},
	title = {{Energy-efficient forwarding mechanism for wireless opportunistic networks in emergency scenarios}},
	url = {http://linkinghub.elsevier.com/retrieve/pii/S0140366412001636},
	volume = {35},
	year = {2012}
}

@ARTICLE{Mingjun2014, 
author={Mingjun Xiao and Jie Wu and Liusheng Huang}, 
journal={Computers, IEEE Transactions on}, 
title={Community-Aware Opportunistic Routing in Mobile Social Networks}, 
year={2014}, 
month={July}, 
volume={63}, 
number={7}, 
pages={1682-1695}, 
keywords={delay tolerant networks;mobile computing;social networking (online);telecommunication network routing;community homes;delay tolerant network;distributed optimal community-aware opportunistic routing algorithm;home-aware community model;mobile nodes;mobile social networks;optimal opportunistic routing performance;reverse Dijkstra algorithm;social-aware algorithms;Communities;Delays;Mobile communication;Mobile computing;Relays;Routing;Social network services;Community;delay tolerant networks;mobile social networks;opportunistic routing}, 
doi={10.1109/TC.2013.55}, 
ISSN={0018-9340},
}

@INPROCEEDINGS{Mokryn2012, 
author={Mokryn, O. and Karmi, D. and Elkayam, A and Teller, T.}, 
booktitle={Ad Hoc Networking Workshop (Med-Hoc-Net), 2012 The 11th Annual Mediterranean}, 
title={Help Me: Opportunistic smart rescue application and system}, 
year={2012}, 
month={June}, 
pages={98-105}, 
keywords={Web services;disasters;emergency services;middleware;mobile ad hoc networks;pattern classification;pattern matching;smart phones;wireless LAN;Haggle middleware;HelpMe cloud-based server;HelpMe smartphone peers;Web service;Wi-Fi;critical communication infrastructures;disaster;hop-by-hop basis;iPad application;iPhone application;interest-based forwarding;missing persons services;neighbor discovery;power conservative manner;rescue forces;self learning opportunistic ad-hoc system;smart forwarding;smartphone-based ad-hoc communications;survivors;transparent on-the-fly requests classification;transparent on-the-fly requests matching;user personalized apps creation;user profiling;Ad hoc networks;Availability;Databases;Dictionaries;Middleware;Routing;Servers;Ad-Hoc Applications;Disaster recovery;Opportunistic Networks;Self Learning Applications}, 
doi={10.1109/MedHocNet.2012.6257129},}

@MANUAL{Moreira2011,
        author = {Moreira, Waldir and Mendes, Paulo},
         month = oct,
         title = {Opportunistic Networking: Extending Internet Communications Through Spontaneous Networks},
          year = {2011},
  organization = {Technical Report, SITI-TR-11-20},
}



@inproceedings{Morris2000,
 author = {Morris, Robert and Jannotti, John and Kaashoek, Frans and Li, Jinyang and Decouto, Douglas},
 title = {CarNet: A Scalable Ad Hoc Wireless Network System},
 booktitle = {Proceedings of the 9th Workshop on ACM SIGOPS European Workshop: Beyond the PC: New Challenges for the Operating System},
 series = {EW 9},
 year = {2000},
 location = {Kolding, Denmark},
 pages = {61--65},
 numpages = {5},
 url = {http://doi.acm.org/10.1145/566726.566741},
 doi = {10.1145/566726.566741},
 acmid = {566741},
 publisher = {ACM},
 address = {New York, NY, USA},
} 

@inproceedings{Motani2005,
 author = {Motani, Mehul and Srinivasan, Vikram and Nuggehalli, Pavan S.},
 title = {PeopleNet: Engineering a Wireless Virtual Social Network},
 booktitle = {Proceedings of the 11th Annual International Conference on Mobile Computing and Networking},
 series = {MobiCom '05},
 year = {2005},
 isbn = {1-59593-020-5},
 location = {Cologne, Germany},
 pages = {243--257},
 numpages = {15},
 url = {http://doi.acm.org/10.1145/1080829.1080855},
 doi = {10.1145/1080829.1080855},
 acmid = {1080855},
 publisher = {ACM},
 address = {New York, NY, USA},
 keywords = {social networking, wireless networks},
} 


@inbook{MWNsBook2011,
	author = {{Zeng, Kai and Lou, Wenjing and Li}, Ming},
	booktitle = {Multihop Wireless Networks},
	chapter = {Taxonomy o},
	isbn = {9781119973607},
	keywords = {Laufer and Kleinrock's Dijkstra-based algorithm - ,and reliability increasing property,concavity of maximum EPA,containing property,generalization for forwarding candidates - rule to,geographic opportunistic routing (GOR),goal of least cost OR - or shortest anypath routin,least cost opportunistic/anypath routing - importa,metric of Expected Opportunistic Transmission Coun,opportunistic routing (OR) taxonomy - principles a,principles of local behavior - and expected packet,relay priority rule,two principles - about maximum EPA},
	pages = {27--38},
	publisher = {John Wiley \& Sons, Ltd},
	title = {{Taxonomy of Opportunistic Routing: Principles and Behaviors}},
	year = {2011}
}

@article{Neena2013,
	author = {Neena, V V and Rajam, V Mary Anita},
	doi = {10.1109/ICCCI.2013.6466316},
	isbn = {978-1-4673-2907-1},
	journal = {2013 International Conference on Computer Communication and Informatics},
	keywords = {-opportunistic networks,mobility model,mobility models play a,nodes in an,of opportunistic networks,of the performance,performance analysis,role in the study,routing,the effectiveness of the},
	month = jan,
	pages = {1--5},
	publisher = {Ieee},
	title = {{Performance analysis of epidemic routing protocol for opportunistic networks in different mobility patterns}},
	year = {2013}
}

@INPROCEEDINGS{Nguyen2007, 
author={Hoang Anh Nguyen and Giordano, S. and Puiatti, A}, 
booktitle={World of Wireless, Mobile and Multimedia Networks, 2007. WoWMoM 2007. IEEE International Symposium on a}, 
title={Probabilistic Routing Protocol for Intermittently Connected Mobile Ad hoc Network (PROPICMAN)}, 
year={2007}, 
month={June}, 
pages={1-6}, 
keywords={Ad hoc networks;Communication networks;Data security;Decision making;Game theory;Mobile ad hoc networks;Mobile communication;Privacy;Routing protocols;Telecommunication network reliability}, 
doi={10.1109/WOWMOM.2007.4351696},}

@article{Nguyen2009,
author = {Nguyen, Hoang Anh and Giordano, Silvia},
doi = {10.4018/jaci.2009070102},
issn = {1941-6237},
journal = {International Journal of Ambient Computing and Intelligence},
keywords = {context information,context-aware routing,delay-tolerant networks,mobility pattern,networks,opportunistic networks,routing in mobile,routing in mobile sensor},
number = {3},
pages = {19--38},
title = {{Routing in Opportunistic Networks}},
url = {http://services.igi-global.com/resolvedoi/resolve.aspx?doi=10.4018/jaci.2009070102},
volume = {1},
year = {2009}
}


@article{Nousiainen2013,
	author = {Banerjee, N. and Corner, M. D. and Levine, B. N. and Nousiainen, J and Cao, Yue and Sun, Zhili},
	doi = {10.1109/INFCOM.2007.96},
	file = {:Users/Arm/Dropbox/Mendeley Papers/Banerjee et al. - 2013 - Forwarding Capacity in Large Wireless Multihop Networks-A Computational Approach.pdf:pdf;:Users/Arm/Dropbox/Mendeley Papers/Banerjee et al. - 2013 - Forwarding Capacity in Large Wireless Multihop Networks-A Computational Approach(2).pdf:pdf;:Users/Arm/Dropbox/Mendeley Papers/Banerjee et al. - 2013 - Forwarding Capacity in Large Wireless Multihop Networks-A Computational Approach(3).pdf:pdf},
	institution = {Aalto University},
	isbn = {9789526052342},
	journal = {Communications Surveys \& Tutorials, IEEE},
	pages = {776--784},
	publisher = {Ieee},
	title = {{Routing in Delay/Disruption Tolerant Networks: A Taxonomy, Survey and Challenges}},
	url = {http://ieeexplore.ieee.org/xpls/abs\_all.jsp?arnumber=6196145 https://aaltodoc.aalto.fi/handle/123456789/10331 http://ieeexplore.ieee.org/lpdocs/epic03/wrapper.htm?arnumber=4215678},
	year = {2013}
}

@INPROCEEDINGS{Ott2011, 
author={Ott, J. and Hyytia, E. and Lassila, P. and Vaegs, T. and Kangasharju, J.}, 
booktitle={Pervasive Computing and Communications (PerCom), 2011 IEEE International Conference on}, 
title={Floating content: Information sharing in urban areas}, 
year={2011}, 
month={March}, 
pages={136-146}, 
keywords={information dissemination;mobile computing;social networking (online);ephemeral content sharing service;floating content;information dissemination;information sharing;infrastructure services;location-based services;map-based mobility model;mobile devices;urban areas;Ad hoc networks;Analytical models;Availability;Mobile communication;Mobile handsets;Peer to peer computing;Protocols}, 
doi={10.1109/PERCOM.2011.5767578},}

@phdthesis{pajevic2013,
	author = {Pajevic, L},
	isbn = {9789175019369},
	school = {KTH, Stockholm, Sweden},
	title = {{Opportunistic Networking: Mobility Modeling and Content Distribution}},
	url = {http://www.diva-portal.org/smash/record.jsf?pid=diva2:663849},
	year = {2013}
}

@ARTICLE{pan2011, 
author={Pan Hui and Crowcroft, J. and Yoneki, E.}, 
journal={Mobile Computing, IEEE Transactions on}, 
title={BUBBLE Rap: Social-Based Forwarding in Delay-Tolerant Networks}, 
year={2011}, 
month={Nov}, 
volume={10}, 
number={11}, 
pages={1576-1589}, 
keywords={mobile computing;social networking (online);telecommunication network routing;BUBBLE;SimBet algorithm;centrality metric;community metric;delay-tolerant network;history-based PROPHET algorithm;human mobility traces;pocket switched network;social metric;social network;social-based forwarding algorithm;structural metric;Algorithm design and analysis;Communities;Delay;Humans;Relays;Routing;Social networks;centrality;community detection.;delay-tolerant networks;forwarding algorithms;pocket-switched networks}, 
doi={10.1109/TMC.2010.246}, 
ISSN={1536-1233},
}

@INPROCEEDINGS{Papandrea2009, 
author={Papandrea, M. and Vanini, S. and Giordano, S.}, 
booktitle={World of Wireless, Mobile and Multimedia Networks Workshops, 2009. WoWMoM 2009. IEEE International Symposium on a}, 
title={A lightweight localization architecture and application for opportunistic networks}, 
year={2009}, 
month={June}, 
pages={1-3}, 
keywords={Internet;computer architecture;mobile communication;mobility management (mobile radio);Internet;human mobility;lightweight localization architecture;mobile communication;opportunistic communication;opportunistic networks;Context;Fingerprint recognition;Humans;IP networks;Indoor environments;Mobile communication;Network interfaces;Social network services;Web and internet services;Wireless networks;Opportunistic networking;WiFi;localization;mobility}, 
doi={10.1109/WOWMOM.2009.5282438},}

@ARTICLE{Pelusi2006, 
author={Pelusi, L. and Passarella, A. and Conti, M.}, 
journal={Communications Magazine, IEEE}, 
title={Opportunistic networking: data forwarding in disconnected mobile ad hoc networks}, 
year={2006}, 
month={November}, 
volume={44}, 
number={11}, 
pages={134-141}, 
keywords={ad hoc networks;data communication;mobile radio;routing protocols;telecommunication network topology;MANET;data forwarding;disconnected mobile ad hoc networks;network topology;opportunistic networking;routing protocols;Bluetooth;Computer networks;Costs;Disruption tolerant networking;Helicopters;IP networks;Mobile ad hoc networks;Network topology;Routing;Terminology}, 
doi={10.1109/MCOM.2006.248176}, 
ISSN={0163-6804},
}

@ONLINE{PeerSoN,
author = {Sonja Buchegger},
title = {PeerSoN: Privacy-Preserving P2P Social Networks},
month = {October},
year = {2014},
url = {http://www.peerson.net/index.shtml}
}

@ARTICLE{Pentland2004, 
author={Pentland, A. and Fletcher, R. and Hasson, A.}, 
journal={Computer}, 
title={DakNet: rethinking connectivity in developing nations}, 
year={2004}, 
month={Jan}, 
volume={37}, 
number={1}, 
pages={78-83}, 
keywords={ad hoc networks;broadband networks;digital communication;wireless LAN;DakNet;ad hoc network;asynchronous digital connectivity;broadband wireless infrastructure;digital communication;e-governance;remote village;universal broadband connectivity;Ad hoc networks;Broadband communication;Cities and towns;Computer networks;Copper;Costs;Internet telephony;Joining processes;Kernel;Local government}, 
doi={10.1109/MC.2004.1260729}, 
ISSN={0018-9162},}

@inproceedings{Plymoth2010,
author = {Plymoth, Anders Nilsson and Bhorkar, Abhijeet and Johansson, Per},
booktitle = {2010 IEEE 71st Vehicular Technology Conference},
doi = {10.1109/VETECS.2010.5494216},
file = {:Users/Arm/Library/Application Support/Mendeley Desktop/Downloaded/Plymoth, Jolla - 2010 - Common Opportunistic Routing and Forwarding.pdf:pdf},
isbn = {978-1-4244-2518-1},
keywords = {Common Opportunistic Routing and Forwarding},
pages = {1--5},
publisher = {IEEE},
title = {{Common Opportunistic Routing and Forwarding}},
url = {http://ieeexplore.ieee.org/lpdocs/epic03/wrapper.htm?arnumber=5494216},
year = {2010}
}


@article{Poonguzharselvi2013a,
		author = {Poonguzharselvi, B. and Vetriselvi, V.},
		doi = {10.1109/ICCCI.2013.6466129},
		isbn = {978-1-4673-2907-1},
		journal = {2013 International Conference on Computer Communication and Informatics},
		keywords = {- opportunistic network,context,flooding,forward,prediction,routing,store-carry-},
		mendeley-groups = {RendezvousJournal},
		month = jan,
		pages = {1--5},
		publisher = {Ieee},
		title = {{Survey on routing algorithms in opportunistic networks}},
		year = {2013}
}

@article{Problem2003,
	author = {Problem, The Multi-agent Rendezvous},
	isbn = {0780379241},
	number = {December},
	pages = {1508--1513},
	title = {{The Multi-Agent Rendezvous Problem}},
	year = {2003}
}

@article{Prodhan2011,
	author = {Prodhan, Anindya Tahsin and Das, Rajkumar and Kabir, Humayun and Shoja, Gholamali C.},
	doi = {10.1016/j.jnca.2011.05.005},
	issn = {10848045},
	journal = {Journal of Network and Computer Applications},
	keywords = {Routing protocol,opportunistic network},
	month = sep,
	number = {5},
	pages = {1660--1670},
	publisher = {Elsevier},
	title = {{TTL based routing in opportunistic networks}},
	volume = {34},
	year = {2011}
}

@INPROCEEDINGS{Qi2011, 
author={Qi Chen and Nan Cheng and Xinhong Wang and Fuqiang Liu}, 
booktitle={Cyber-Enabled Distributed Computing and Knowledge Discovery (CyberC), 2011 International Conference on}, 
title={Multi-metric Opportunistic Routing for VANETs in Urban Scenario}, 
year={2011}, 
month={Oct}, 
pages={118-122}, 
keywords={routing protocols;vehicular ad hoc networks;GPSR;VANET-based application;end-to-end delay;geographical routing protocol;mobile ad hoc network routing protocol AODV;multihop routing;multimetric opportunistic routing;opportunistic next forward node;packet drop ratio;packet throughput;route link;urban scenario;vehicular ad hoc networks;Ad hoc networks;Junctions;Measurement;Roads;Routing;Routing protocols;Vehicles;MMOR;VANETs;multi-metric-based;opportunistic routing;urban scernario}, 
doi={10.1109/CyberC.2011.29},}

@article{Qin2011a,
	author = {Qin, Shuang and Feng, Gang and Member, Senior and Zhang, Yide},
	file = {:Users/Arm/Dropbox/Mendeley Papers/Qin et al. - 2011 - How the Contact-Probing Mechanism Affects the Transmission Capacity of Delay-Tolerant Networks.pdf:pdf},
	isbn = {0300200803},
	number = {4},
	pages = {1825--1834},
	title = {{How the Contact-Probing Mechanism Affects the Transmission Capacity of Delay-Tolerant Networks}},
	volume = {60},
	year = {2011}
}

@ARTICLE{Rongxing2010, 
author={Rongxing Lu and Xiaodong Lin and Haojin Zhu and Xuemin Shen and Preiss, B.}, 
journal={Wireless Communications, IEEE Transactions on}, 
title={Pi: A practical incentive protocol for delay tolerant networks}, 
year={2010}, 
month={April}, 
volume={9}, 
number={4}, 
pages={1483-1493}, 
keywords={ad hoc networks;computer network security;mobile radio;protocols;Pi protocol;bundle message;catastrophic damage;delay tolerant networks;message propagation process;opportunistic routing scheme;practical incentive protocol;Ad hoc networks;Computer science;Delay effects;Disruption tolerant networking;Frequency;Information technology;Niobium;Propagation delay;Protocols;Routing;Delay tolerant networks;fairness;practical incentive;selfish node}, 
doi={10.1109/TWC.2010.04.090557}, 
ISSN={1536-1276},
}

@ARTICLE{Schurgot2012, 
author={Schurgot, M.R. and Comaniciu, Cristina and Jaffres-Runser, K.}, 
journal={Communications Magazine, IEEE}, 
title={Beyond traditional DTN routing: social networks for opportunistic communication}, 
year={2012}, 
month={July}, 
volume={50}, 
number={7}, 
pages={155-162}, 
keywords={ad hoc networks;routing protocols;DTN routing;ad hoc networks;network graph;opportunistic communication;opportunistic networks;routing protocols;routing solution;social networks;Ad hoc networks;Peer to peer computing;Routing protocols;Social network services;Wireless communication}, 
doi={10.1109/MCOM.2012.6231292}, 
ISSN={0163-6804},
}

@inproceedings{Scott2005,
	author = {Scott, K},
	booktitle = {Military Communications Conference, 2005. MILCOM 2005. IEEE},
	doi = {10.1109/MILCOM.2005.1606153},
	isbn = {VO -},
	keywords = {CONDOR Jump-C2 class vehicle,Collaboration,DTN proxy,IP networks,IP traffic,Internet,NCW,Protocols,Satellites,Sockets,TCP-IP,TCPIP,Telecommunication network reliability,Vehicles,application programming interface,communication service,disruption tolerant networking,information sharing,military communication,network centric warfare,network infrastructure,on-the-move tactical network,router,routing protocols,satellite communication,satellite network,telecommunication services,telecommunication traffic,transport control protocol,transport protocols,wired network},
	pages = {3226--3231 Vol. 5},
	title = {{Disruption tolerant networking proxies for on-the-move tactical networks}},
	year = {2005}
}

@article{Shahbazi2009,
	author = {Shahbazi, Saeed and Harwood, Aaron and Karunasekera, Shanika},
	doi = {10.1109/WD.2009.5449670},
	isbn = {978-1-4244-5660-4},
	journal = {2009 2nd IFIP Wireless Days (WD)},
	month = dec,
	pages = {1--6},
	publisher = {Ieee},
	title = {{An analytical model for performance evaluation in sparse mobile ad hoc networks}},
	url = {http://ieeexplore.ieee.org/lpdocs/epic03/wrapper.htm?arnumber=5449670},
	year = {2009}
}

@article{Shahbazi2012,
	author = {Shahbazi, S and Karunasekera, S and Harwood, A},
	journal = {Wireless Networks},
	title = {{Improving performance in delay/disruption tolerant networks through passive relay points}},
	url = {http://medcontent.metapress.com/index/A65RM03P4874243N.pdf http://dl.acm.org/citation.cfm?id=2124479},
	year = {2012}
}

@article{Silva2012,
	author = {Silva, DR and Costa, Antonio and Macedo, J},
	isbn = {9781450312646},
	journal = {ACM},
	keywords = {delay-tolerant networks,energy awareness,routing pro-},
	title = {{Energy impact analysis on DTN routing protocols}},
	url = {http://repositorium.sdum.uminho.pt/handle/1822/18920},
	year = {2012}
}

@INPROCEEDINGS{Singh2002, 
author={Singh, J.P. and Bambos, N. and Srinivasan, B. and Clawin, D.}, 
booktitle={Vehicular Technology Conference, 2002. Proceedings. VTC 2002-Fall. 2002 IEEE 56th}, 
title={Wireless LAN performance under varied stress conditions in vehicular traffic scenarios}, 
year={2002}, 
month={}, 
volume={2}, 
pages={743-747 vol.2}, 
keywords={ad hoc networks;land mobile radio;performance evaluation;road traffic;wireless LAN;IEEE 802.11b compliant equipment;aggression control;driving environment conditions;high velocities;hostile driving environments;inter-vehicle communication;inter-vehicular communication;mobile ad-hoc networking;network throughput;optimization measures;packet size;peer-distance conditions;stressful communication scenarios;vehicular mobility;vehicular traffic;wireless LAN infrastructure;wireless LAN performance;wireless communication channel quality;wireless local area network;Degradation;Mobile communication;Size control;Size measurement;Stress measurement;Telecommunication traffic;Testing;Throughput;Wireless LAN;Wireless communication}, 
doi={10.1109/VETECF.2002.1040698}, 
ISSN={1090-3038},}

@article{Small2003,
	author = {Small, Tara and Haas, Zygmunt J},
	file = {:Users/Arm/Dropbox/Mendeley Papers//Lindgren et al. - 2011 - Opportunistic Networks Architecture with Fixed Infrastructure Nodes(3).pdf:pdf},
	isbn = {1581136846},
	keywords = {ad hoc,animal tag,capacity-delay tradeo ff,disease model,infostation,net-,swim,work},
	pages = {233--244},
	title = {{The Shared Wireless Infostation Model - A New Ad Hoc Networking Paradigm ( or Where there is a Whale , there is a Way ) ∗}},
	year = {2003}
}

@INPROCEEDINGS{Sonja2009,
    author = {Sonja Buchegger and Doris Schiöberg and Le-hung Vu and Anwitaman Datta},
    title = {PeerSoN: P2P social networking – early experiences and insights},
    booktitle = {In Proc. ACM Workshop on Social Network Systems},
    year = {2009}
}

@article{Souza2010,
author = {R. J. D'Souza and Johny Jose},
keywords = {delay tolerant network,opportunistic network,routing},
title = {{Routing Approaches in Delay Tolerant Networks : A Survey}},
journal = {International Journal of Computer Applications},
year = {2010},
volume = {1},
number = {17},
pages = {8--14},
month = {February},
}

@INPROCEEDINGS{Spyropoulos2004, 
		author={Spyropoulos, Thrasyvoulos and Psounis, K. and Raghavendra, C.S.}, 
		booktitle={Sensor and Ad Hoc Communications and Networks, 2004. IEEE SECON 2004. 2004 First Annual IEEE Communications Society Conference on}, 
		title={Single-copy routing in intermittently connected mobile networks}, 
		year={2004}, 
		month={Oct}, 
		pages={235-244}, 
		keywords={mobile radio;telecommunication network routing;intermittently connected mobile network;local forwarding decision;opportunistic hop-by-hop routing model;oracle-based optimal algorithm;routing algorithm;single-copy routing;wireless network;Algorithm design and analysis;Analytical models;Delay;Disruption tolerant networking;Intelligent networks;Performance analysis;Predictive models;Routing;Wildlife;Wireless networks}, 
		doi={10.1109/SAHCN.2004.1381922},
}	

@inproceedings{Spyropoulos2005,
	author = {Spyropoulos, Thrasyvoulos and Psounis, Konstantinos and Raghavendra, Cauligi S.},
	title = {Spray and Wait: An Efficient Routing Scheme for Intermittently Connected Mobile Networks},
	booktitle = {Proceedings of the 2005 ACM SIGCOMM Workshop on Delay-tolerant Networking},
	series = {WDTN '05},
	year = {2005},
	isbn = {1-59593-026-4},
	location = {Philadelphia, Pennsylvania, USA},
	pages = {252--259},
	numpages = {8},
	url = {http://doi.acm.org/10.1145/1080139.1080143},
	doi = {10.1145/1080139.1080143},
	acmid = {1080143},
	publisher = {ACM},
	address = {New York, NY, USA},
	keywords = {ad-hoc networks, delay tolerant networks, intermittent connectivity, routing},
} 

@INPROCEEDINGS{Spyropoulos2007, 
	author={Spyropoulos, Thrasyvoulos and Psounis, K. and Raghavendra, C.S.}, 
	booktitle={Pervasive Computing and Communications Workshops, 2007. PerCom Workshops '07. Fifth Annual IEEE International Conference on}, 
	title={Spray and Focus: Efficient Mobility-Assisted Routing for Heterogeneous and Correlated Mobility}, 
	year={2007}, 
	month={March}, 
	pages={79-85}, 
	keywords={mobile radio;telecommunication network routing;community-based model;controlled replication;correlated mobility;flooding-based schemes;heterogeneous mobility;mobile networks;mobility-assisted routing;single-copy utility-based scheme;spraying methods;Ad hoc networks;Computer science;Internet telephony;Military computing;Mobile ad hoc networks;Mobile computing;Relays;Routing protocols;Spraying;Wildlife}, 
	doi={10.1109/PERCOMW.2007.108},
}

@ARTICLE{Spyropoulos2008, 
	author={Spyropoulos, Thrasyvoulos and Psounis, K. and Raghavendra, C.S.}, 
	journal={Networking, IEEE/ACM Transactions on}, 
	title={Efficient Routing in Intermittently Connected Mobile Networks: The Single-Copy Case}, 
	year={2008}, 
	month={Feb}, 
	volume={16}, 
	number={1}, 
	pages={63-76}, 
	keywords={radio networks;telecommunication network routing;conventional routing schemes;efficient routing;flooding-based algorithms;mobile networks;single-copy case;Ad hoc networks;delay tolerant networks;intermittent connectivity;routing}, 
	doi={10.1109/TNET.2007.897962}, 
	ISSN={1063-6692},
}

@article{Spyropoulos2010,
year={2010},
issn={1022-0038},
journal={Wireless Networks},
volume={16},
number={8},
doi={10.1007/s11276-010-0276-9},
title={Routing for disruption tolerant networks: taxonomy and design},
url={http://dx.doi.org/10.1007/s11276-010-0276-9},
publisher={Springer US},
keywords={DTN routing; Intermittent connectivity; Disruption tolerance; Message replication; Network coding; Routing design guidelines},
author={Spyropoulos, Thrasyvoulos and Rais, RaoNaveedBin and Turletti, Thierry and Obraczka, Katia and Vasilakos, Athanasios},
pages={2349-2370},
language={English}
}

@INPROCEEDINGS{Tonguz2006, 
	author={Tonguz, O.K. and Wisitpongphan, N. and Parikh, J.S. and Fan Bai and Mudalige, P. and Sadekar, V.K.}, 
	booktitle={Broadband Communications, Networks and Systems, 2006. BROADNETS 2006. 3rd International Conference on}, 
	title={On the Broadcast Storm Problem in Ad hoc Wireless Networks}, 
	year={2006}, 
	month={Oct}, 
	pages={1-11}, 
	keywords={ad hoc networks;mobile radio;routing protocols;telecommunication traffic;MANET;RREQ;VANET;broadcast storm problem;broadcast transmission;distributed broadcast suppression techniques;end-to-end delay;route discovery process;route request;routing protocols;slotted l-persistence;slotted p- persistence schemes;traffic information;vehicular ad hoc wireless networks;weighted p-persistence;Broadcasting;Delay;Electronic mail;Mobile ad hoc networks;Routing protocols;Storms;Telecommunication traffic;Time factors;Vehicles;Wireless networks}, 
	doi={10.1109/BROADNETS.2006.4374403},
}

@techreport{Vahdat2000,
	author = {Vahdat, Amin and Becker, David},
	institution = {Technical Report CS-200006, Duke University},
	title = {{Epidemic Routing for Partially-Connected Ad Hoc Networks}}
}

@inproceedings{Wahid2014,
author = {Wahid, Abdul and Kumar, Gaurav and Ahmad, Khaleel},
booktitle = {National Conference on Information Security Challenges (NCIC-2014)},
file = {:Volumes/Storage/Google Drive/Mendeley Papers/Opportunistic Networks Opportunity vs Challenges-Survey.pdf:pdf},
isbn = {9788176782203},
keywords = {delay tolerant network,networks,opportunistic,privacy,routing,sensor networks},
pages = {14--24},
title = {{Opportunistic Networks : Opportunity versus Challenges-Survey}},
year = {2014}
}


@inproceedings{Wang2005,
address = {New York, New York, USA},
author = {Wang, Yong and Jain, Sushant and Martonosi, Margaret and Fall, Kevin},
booktitle = {Proceeding of the 2005 ACM SIGCOMM workshop on Delay-tolerant networking - WDTN '05},
doi = {10.1145/1080139.1080140},
isbn = {1595930264},
keywords = {delay tolerant network,erasure coding,routing},
pages = {229--236},
publisher = {ACM Press},
title = {{Erasure-coding based routing for opportunistic networks}},
url = {http://portal.acm.org/citation.cfm?doid=1080139.1080140},
year = {2005}
}


@article{Wang2006,
	author = {Wang, Qin and Hempstead, Mark and Yang, Woodward},
	isbn = {1-4244-0626-9},
	journal = {2006 3rd Annual IEEE Communications Society on Sensor and Ad Hoc Communications and Networks},
	pages = {286--295},
	publisher = {Ieee},
	title = {{A Realistic Power Consumption Model for Wireless Sensor Network Devices}},
	year = {2006}
}

@INPROCEEDINGS{Wang2010, 
author={Wang Jian-qiang and Wu Chen-wen}, 
booktitle={Computer Science and Education (ICCSE), 2010 5th International Conference on}, 
title={A novel opportunistic routing protocol applied to vehicular ad hoc networks}, 
year={2010}, 
month={Aug}, 
pages={1005-1009}, 
keywords={ad hoc networks;eigenvalues and eigenfunctions;mobile communication;routing protocols;vehicles;VANET;eigenvector method;opportunistic routing protocol;store-carry-forward strategy;vehicular ad hoc networks;weighted sum method;Ad hoc networks;Roads;Routing;Routing protocols;Throughput;Vehicles;NCTUns;opportunistic routing;routing protocol;utility;vehicular ad hoc networks}, 
doi={10.1109/ICCSE.2010.5593401},}

@article{Whitbeck2010,
author = {Whitbeck, John and Conan, Vania},
doi = {10.1016/j.comcom.2010.03.005},
file = {:Users/Arm/Library/Application Support/Mendeley Desktop/Downloaded/Whitbeck, Conan - 2010 - HYMAD Hybrid DTN-MANET routing for dense and highly dynamic wireless networks.pdf:pdf},
issn = {01403664},
journal = {Computer Communications},
keywords = {delay tolerant networks},
month = aug,
number = {13},
pages = {1483--1492},
title = {{HYMAD: Hybrid DTN-MANET routing for dense and highly dynamic wireless networks}},
url = {http://linkinghub.elsevier.com/retrieve/pii/S0140366410001143},
volume = {33},
year = {2010}
}

@inproceedings{Winjum2008,
author = {Winjum, Eli and Berg, Tore J.},
booktitle = {MILCOM 2008 - 2008 IEEE Military Communications Conference},
doi = {10.1109/MILCOM.2008.4753318},
file = {:Users/Arm/Library/Application Support/Mendeley Desktop/Downloaded/Winjum, Berg - 2008 - Multilevel security for IP routing(2).pdf:pdf},
isbn = {978-1-4244-2676-8},
month = nov,
pages = {1--8},
publisher = {IEEE},
title = {{Multilevel security for IP routing}},
url = {http://ieeexplore.ieee.org/lpdocs/epic03/wrapper.htm?arnumber=4753318},
year = {2008}
}

@INPROCEEDINGS{Yamamura2011, 
author={Yamamura, S. and Nagata, A and Tsuru, M.}, 
booktitle={Intelligent Networking and Collaborative Systems (INCoS), 2011 Third International Conference on}, 
title={Store-Carry-Forward Based Networking Infrastructure: Vision and Potential}, 
year={2011}, 
month={Nov}, 
pages={594-599}, 
keywords={Internet;broadband networks;delay tolerant networks;radio networks;DTN related technologies;Internet connected broadband wireless network devices;asynchronous mass data exchange;communication delays;global information logistics infrastructure;mobile users;store-carry-forward based networking infrastructure;virtual segment concept;Educational institutions;Internet;Maintenance engineering;Throughput;Transportation;WiMAX;DTN;field experiment;store-carry-forward routing schemes;wireless communication}, 
doi={10.1109/INCoS.2011.150},
}

@article{Yang2009,
author = {Yang, Xudong and Yin, Jiangtao and Yuan, Sunzheng},
doi = {10.1109/WICOM.2009.5301914},
file = {:Users/Arm/Library/Application Support/Mendeley Desktop/Downloaded/Yang, Yin, Yuan - 2009 - Location-Aided Opportunistic Routing for Mobile Ad Hoc Networks(2).pdf:pdf},
isbn = {978-1-4244-3691-0},
journal = {2009 5th International Conference on Wireless Communications, Networking and Mobile Computing},
keywords = {- mobile ad hoc,Location-Aided Opportunistic Routing for Mobile Ad,apparent that opportunistic routing,channel from the current,cooperative diversity techniques,hop,hop to the next,in opportunistic routing,is simply an adaptation,laor,networks,of,routing,the,this makes it},
month = sep,
pages = {1--5},
publisher = {Ieee},
title = {{Location-Aided Opportunistic Routing for Mobile Ad Hoc Networks}},
url = {http://ieeexplore.ieee.org/lpdocs/epic03/wrapper.htm?arnumber=5301914},
year = {2009}
}


@article{Yang2010,
	author = {Yang, Wei and Liang, Weifa and Dou, Wenhua},
	isbn = {978-1-4244-5636-9},
	journal = {2010 IEEE Global Telecommunications Conference GLOBECOM 2010},
	keywords = {energy optimization,localized routing,network capacity maximization,on-line,opportunistic routing,routing,wireless ad hoc networks,with qos constraints},
	month = dec,
	pages = {1--6},
	publisher = {Ieee},
	title = {{Energy-Aware Real-Time Opportunistic Routing for Wireless Ad Hoc Networks}},
	year = {2010}
}

@inproceedings{Yu2006,
    author = {Chen-hung Yu and Yung-chih Chen and Ling-jyh Chen},
    title = {Effective File Transfer for Opportunistic Networks },
    booktitle = {IEEE INFOCOM’07},
    year = {2006}
}

@ARTICLE{Yu2012, 
author={Yu, Y.-T. and Huang, C.-M. and Wang, H.-C.}, 
journal={Communications, IET}, 
title={ATPOO: An adaptive transmitting platform for supporting on-time and at-one-time data delivering over opportunistic networks}, 
year={2012}, 
month={January}, 
volume={6}, 
number={2}, 
pages={203-210}, 
keywords={computer networks;delay tolerant networks;protocols;quality of service;scheduling;ATPOO;DTN method;S-FTP method;adaptive transmitting platform;at-one-time data delivery;data transmission;delay-tolerant network method;end-to-end connection reconstruction;end-to-end transmission quality of service;macrostage;microstage;on-time data delivery;oppnets;opportunistic network;preconstructed delivering path;prescheduled time period;transmission control protocol}, 
doi={10.1049/iet-com.2010.0815}, 
ISSN={1751-8628},}

@ARTICLE{Yue2013, 
author={Yue Cao and Zhili Sun}, 
journal={Communications Surveys Tutorials, IEEE}, 
title={Routing in Delay/Disruption Tolerant Networks: A Taxonomy, Survey and Challenges}, 
year={2013}, 
month={Second}, 
volume={15}, 
number={2}, 
pages={654-677}, 
keywords={delay tolerant networks;mobile ad hoc networks;telecommunication network routing;Intermittently Connected Networks;MANET;delay-disruption tolerant networks;limited device capability;message relaying;mobile ad hoc networks;mobile nodes;mobility;multicasting;routing algorithms;sparse network density;store-carry-forward behavior;survey;taxonomy;Ad hoc networks;Algorithm design and analysis;Delays;Mobile communication;Mobile computing;Routing;Taxonomy;Delay/Disruption Tolerant Networks;Intermittently Connected Networks;Routing;Store-Carry-Forward}, 
doi={10.1109/SURV.2012.042512.00053}, 
ISSN={1553-877X},
}

@article{Yu2007a,
	author = {Yu, Chia-Mu and Lu, Chun-Shien and Kuo, Sy-Yen},
	isbn = {978-1-4244-0978-5},
	journal = {2007 4th International Symposium on Wireless Communication Systems},
	keywords = {[Electronic Manuscript]},
	month = oct,
	pages = {807--808},
	publisher = {Ieee},
	title = {{Habitual Behavior-Based Opportunistic Data Forwarding in Wildlife Tracking}},
	year = {2007}
}

@inproceedings{zebranet2004,
	author = {Zhang, Pei and Sadler, Christopher M. and Lyon, Stephen A and Martonosi, Margaret},
	booktitle = {Proceedings of the 2nd international conference on Embedded networked sensor systems - SenSys '04},
	doi = {10.1145/1031495.1031522},
	isbn = {1581138792},
	pages = {227},
	title = {{Hardware design experiences in ZebraNet}},
	url = {http://dl.acm.org/citation.cfm?id=1031522},
	year = {2004}
}

@inbook{Zeng2011,
	author = {{Zeng, Kai and Lou, Wenjing and Li}, Ming},
	booktitle = {Multihop Wireless Networks},
	chapter = {Taxonomy o},
	doi = {10.1002/9781119973607.ch2},
	isbn = {9781119973607},
	keywords = {Laufer and Kleinrock's Dijkstra-based algorithm - ,and reliability increasing property,concavity of maximum EPA,containing property,generalization for forwarding candidates - rule to,geographic opportunistic routing (GOR),goal of least cost OR - or shortest anypath routin,least cost opportunistic/anypath routing - importa,metric of Expected Opportunistic Transmission Coun,opportunistic routing (OR) taxonomy - principles a,principles of local behavior - and expected packet,relay priority rule,two principles - about maximum EPA},
	pages = {27--38},
	publisher = {John Wiley \& Sons, Ltd},
	title = {{Taxonomy of Opportunistic Routing: Principles and Behaviors}},
	url = {http://dx.doi.org/10.1002/9781119973607.ch2},
	year = {2011}
}

@inproceedings{Zhao2003,
	author = {Zhao, Wenrui and Ammar, M H},
	booktitle = {Distributed Computing Systems, 2003. FTDCS 2003. Proceedings. The Ninth IEEE Workshop on Future Trends of},
	doi = {10.1109/FTDCS.2003.1204352},
	issn = {1071-0485},
	keywords = {ad hoc networks;message switching;optimisation;rou},
	month = may,
	pages = {308--314},
	title = {{Message ferrying: proactive routing in highly-partitioned wireless ad hoc networks}},
	year = {2003}
}

@inproceedings{Zhao2004,
	address = {New York, NY, USA},
	author = {Zhao, Wenrui and Ammar, Mostafa and Zegura, Ellen and Computing, College},
	booktitle = {Proceedings of the 5th ACM International Symposium on Mobile Ad Hoc Networking and Computing},
	doi = {10.1145/989459.989483},
	isbn = {1-58113-849-0},
	keywords = {mobile ad hoc networks,mobility-assisted data delivery,sparse,sparse networks},
	pages = {187--198},
	publisher = {ACM},
	series = {MobiHoc '04},
	title = {{A Message Ferrying Approach for Data Delivery in Sparse Mobile Ad Hoc Networks}},
	year = {2004}
}

@inproceedings{Zhao2005,
	author = {Zhao, W and Ammar, M and Zegura, E},
	booktitle = {INFOCOM 2005. 24th Annual Joint Conference of the IEEE Computer and Communications Societies. Proceedings IEEE},
	doi = {10.1109/INFCOM.2005.1498365},
	issn = {0743-166X},
	keywords = {data communication,delays,minimisation,mobility ma},
	month = mar,
	pages = {1407--1418 vol. 2},
	title = {{Controlling the mobility of multiple data transport ferries in a delay-tolerant network}},
	volume = {2},
	year = {2005}
}

@inproceedings{Zhao2006,
	author = {Zhao, Wenrui and Chen, Yang and Levine, Brian and Computing, College},
	booktitle = {Mobile Adhoc and Sensor Systems (MASS), 2006 IEEE International Conference on},
	doi = {10.1109/MOBHOC.2006.278570},
	pages = {31--40},
	title = {{Capacity Enhancement using Throwboxes in DTNs}},
	url = {http://ieeexplore.ieee.org/xpl/login.jsp?tp=\&arnumber=4053916\&url=http\%3A\%2F\%2Fieeexplore.ieee.org\%2Fxpls\%2Fabs\_all.jsp\%3Farnumber\%3D4053916},
	year = {2006}
}

@article{Zhang2013,
	author = {Zhang, Yong and Wang, Zhen and Li, Jin and Song, Mei and Teng, Yinglei and Liu, Baolin},
	doi = {10.1007/978-3-642-37015-1\_75},
	journal = {Pervasive Computing and the Networked World},
	keywords = {network architecture,opportunistic networks,routing protocol},
	mendeley-groups = {RendezvousJournal},
	pages = {862--868},
	title = {{Opportunistic Networks Architecture with Fixed Infrastructure Nodes}},
	volume = {7719},
	year = {2013}
}
















